
@article{votier2017,
	title = {Effects of age and reproductive status on individual foraging site fidelity in a long-lived marine predator},
	author = {Votier, Stephen C. and Fayet, Annette L. and Bearhop, Stuart and Bodey, Thomas W. and Clark, Bethany L. and Grecian, James and Guilford, Tim and Hamer, Keith C. and Jeglinski, Jana W. E. and Morgan, Greg and Wakefield, Ewan and Patrick, Samantha C.},
	year = {2017},
	month = {07},
	date = {2017-07-26},
	journal = {Proceedings of the Royal Society B: Biological Sciences},
	pages = {20171068},
	volume = {284},
	number = {1859},
	doi = {10.1098/rspb.2017.1068},
	url = {https://royalsocietypublishing.org/doi/10.1098/rspb.2017.1068},
	note = {Publisher: Royal Society}
}




@article{lawton2010,
	title = {Making Space for Nature: a review of England’s wildlife sites and ecological network. Report to Defra.},
	author = {Lawton, J.H. and Brotherton, P.N.M. and Brown, V.K. and Elphick, C. and Fitter, A.H. and Forshaw, J. and Haddow, R.W. and Hilborne, S. and Leafe, R.N. and Mace, G.M. and Southgate, M.P. and Sutherland, W.J. and Tew, T.E. and Varley, J. and & Wynne, G.R.},
	year = {2010},
}



@Manual{R2023,
  title = {R: A Language and Environment for Statistical Computing},
  author = {{R Core Team}},
  organization = {R Foundation for Statistical Computing},
  year = {2023},
  url = {https://www.R-project.org/},
}


@Article{pebesma2018,
  author = {Pebesma, E.},
  title = {{Simple Features for R: Standardized Support for Spatial Vector Data}},
  year = {2018},
  journal = {{The R Journal}},
  doi = {10.32614/RJ-2018-009},
  url = {https://doi.org/10.32614/RJ-2018-009},
  pages = {439--446},
  volume = {10},
  number = {1},
}


@Manual{hijmans2024,
  title = {terra: Spatial Data Analysis},
  author = {Hijmans, R.J.},
  year = {2024},
  note = {R package version 1.7-78},
  url = {https://CRAN.R-project.org/package=terra},
}
@misc{marston2022,
	title = {Land Cover Map 2021 (25m rasterised land parcels, GB)},
	author = {Marston, C.G. and Rowland, C.S. and {O{\textquoteright}Neil}, A.W. and Morton, R.D.},
	year = {2022},
	date = {2022},
	publisher = {NERC EDS Environmental Information Data Centre},
	doi = {10.5285/A1F85307-CAD7-4E32-A445-84410EFDFA70},
	url = {https://catalogue.ceh.ac.uk/id/a1f85307-cad7-4e32-a445-84410efdfa70},
	langid = {en}
}

@article{smart2014,
	title = {Synergies between site protection and agri{-}environment schemes for the conservation of waders on lowland wet grasslands},
	author = {Smart, J. and Wotton, S.R. and Dillon, I.A. and Cooke, A.I. and Diack, I. and Drewitt, A.L. and Grice, P.V. and Gregory, R.D.},
	year = {2014},
	month = {04},
	date = {2014-04-04},
	journal = {Ibis},
	pages = {576--590},
	volume = {156},
	number = {3},
	doi = {10.1111/ibi.12153},
	url = {http://dx.doi.org/10.1111/ibi.12153},
	langid = {en}
}

@misc{marston2024,
	title = {Land Cover Map 2022 (25m rasterised land parcels, GB)},
	author = {Marston, C.G. and Morton, R.D. and {O{\textquoteright}Neil}, A.W. and Rowland, C.S.},
	year = {2024},
	date = {2024},
	publisher = {NERC EDS Environmental Information Data Centre},
	doi = {10.5285/C9449BF5-B8F6-4A1C-B3EB-0D70575CBA39},
	url = {https://catalogue.ceh.ac.uk/id/c9449bf5-b8f6-4a1c-b3eb-0d70575cba39},
	langid = {en}
}

@misc{morton2024,
	title = {Land Cover Map 2023 (25m rasterised land parcels, GB)},
	author = {Morton, R.D. and Marston, C.G. and {O{\textquoteright}Neil}, A.W. and Rowland, C.S.},
	year = {2024},
	date = {2024},
	publisher = {NERC EDS Environmental Information Data Centre},
	doi = {10.5285/AB10EA4A-1788-4D25-A6DF-F1AFF829DFFF},
	url = {https://catalogue.ceh.ac.uk/id/ab10ea4a-1788-4d25-a6df-f1aff829dfff},
	langid = {en}
}

@article{signer2019,
	title = {Animal movement tools (amt): R package for managing tracking data and conducting habitat selection analyses},
	author = {Signer, J. and Fieberg, J. and Avgar, T.},
	year = {2019},
	month = {01},
	date = {2019-01},
	journal = {Ecology and Evolution},
	pages = {880--890},
	volume = {9},
	number = {2},
	doi = {10.1002/ece3.4823},
	url = {http://dx.doi.org/10.1002/ece3.4823},
	langid = {en}
}


@Manual{nsri2022,
	title = {National soil map of England and Wales - NATMAP Vector, 1:250000 Soil Association Map},
	author = {{NSRI}},
	year = {2022},
	url = {https://www.landis.org.uk/data/natmap.cfm },

}


@Manual{natengland2022,
	title = {Priority Habitats Inventory (England)},
	author = {{Natural England}},
	year = {2022},
	url = {https://www.data.gov.uk/dataset/4b6ddab7-6c0f-4407-946e-d6499f19fcde/priority-habitats-inventory-england},

}

@Manual{nateng2024,
	title = {Environmentally Sensitive Areas (England)},
	author = {{Natural England}},
	year = {2024},
	url = {https://www.data.gov.uk/dataset/a5b0ccc4-a144-4027-91fa-49084ff07da2/environmentally-sensitive-areas-england },

}

@Manual{envagency2023a,
	title = {LIDAR Composite Digital Terrain Model (DTM) - 1m},
	author = {{Environment Agency}},
	year = {2023},
	url = {https://environment.data.gov.uk/dataset/13787b9a-26a4-4775-8523-806d13af58fc},

}

@Manual{envagency2023b,
	title = {LIDAR Composite First Return Digital Surface Model (FZ_DSM) - 1m},
	author = {{Environment Agency}},
	year = {2023},
	url = {https://environment.data.gov.uk/dataset/df4e3ec3-315e-48aa-aaaf-b5ae74d7b2bb},

}
@article{gamborg2019,
	title = {Adjustive ecological restoration through stakeholder involvement: a case of riparian landscape restoration on privately owned land with public access},
	author = {Gamborg, Christian and Morsing, Jonas and {Raulund{-}Rasmussen}, Karsten},
	year = {2019},
	month = {04},
	date = {2019-04-29},
	journal = {Restoration Ecology},
	pages = {1073--1083},
	volume = {27},
	number = {5},
	doi = {10.1111/rec.12955},
	url = {http://dx.doi.org/10.1111/rec.12955},
	langid = {en}
}

@article{song2018,
	title = {Global land change from 1982 to 2016},
	author = {Song, Xiao-Peng and Hansen, Matthew C. and Stehman, Stephen V. and Potapov, Peter V. and Tyukavina, Alexandra and Vermote, Eric F. and Townshend, John R.},
	year = {2018},
	month = {08},
	date = {2018-08},
	journal = {Nature},
	pages = {639--643},
	volume = {560},
	number = {7720},
	doi = {10.1038/s41586-018-0411-9},
	url = {http://dx.doi.org/10.1038/s41586-018-0411-9},
	langid = {en}
}

@article{raven2021,
	title = {Agricultural intensification and climate change are rapidly decreasing insect biodiversity},
	author = {Raven, Peter H. and Wagner, David L.},
	year = {2021},
	month = {01},
	date = {2021-01-11},
	journal = {Proceedings of the National Academy of Sciences},
	volume = {118},
	number = {2},
	doi = {10.1073/pnas.2002548117},
	url = {http://dx.doi.org/10.1073/pnas.2002548117},
	langid = {en}
}

@article{donald2001,
	title = {Agricultural intensification and the collapse of Europe's farmland bird populations},
	author = {Donald, P. F. and Green, R. E. and Heath, M. F.},
	year = {2001},
	month = {01},
	date = {2001-01-07},
	journal = {Proceedings of the Royal Society of London. Series B: Biological Sciences},
	pages = {25--29},
	volume = {268},
	number = {1462},
	doi = {10.1098/rspb.2000.1325},
	url = {http://dx.doi.org/10.1098/rspb.2000.1325},
	langid = {en}
}

@article{chazdon2016,
	title = {A Policy{-}Driven Knowledge Agenda for Global Forest and Landscape Restoration},
	author = {Chazdon, Robin L. and Brancalion, Pedro H. S. and Lamb, David and Laestadius, Lars and Calmon, Miguel and Kumar, Chetan},
	year = {2016},
	month = {01},
	date = {2016-01-04},
	journal = {Conservation Letters},
	pages = {125--132},
	volume = {10},
	number = {1},
	doi = {10.1111/conl.12220},
	url = {http://dx.doi.org/10.1111/conl.12220},
	langid = {en}
}

@article{roodbergen2011,
	title = {Revealing the contributions of reproduction and survival to the Europe-wide decline in meadow birds: review and meta-analysis},
	author = {Roodbergen, Maja and van der Werf, Bert and {Hötker}, Hermann},
	year = {2011},
	month = {08},
	date = {2011-08-14},
	journal = {Journal of Ornithology},
	pages = {53--74},
	volume = {153},
	number = {1},
	doi = {10.1007/s10336-011-0733-y},
	url = {http://dx.doi.org/10.1007/s10336-011-0733-y},
	langid = {en}
}

@article{sabatier2010,
	title = {Modelling trade-offs between livestock grazing and wader conservation in a grassland agroecosystem},
	author = {Sabatier, R. and Doyen, L. and Tichit, M.},
	year = {2010},
	month = {05},
	date = {2010-05},
	journal = {Ecological Modelling},
	pages = {1292--1300},
	volume = {221},
	number = {9},
	doi = {10.1016/j.ecolmodel.2010.02.003},
	url = {http://dx.doi.org/10.1016/j.ecolmodel.2010.02.003},
	langid = {en}
}

@article{roos2018,
	title = {A review of predation as a limiting factor for bird populations in mesopredator{-}rich landscapes: a case study of the UK},
	author = {Roos, Staffan and Smart, Jennifer and Gibbons, David W. and Wilson, Jeremy D.},
	year = {2018},
	month = {05},
	date = {2018-05-22},
	journal = {Biological Reviews},
	pages = {1915--1937},
	volume = {93},
	number = {4},
	doi = {10.1111/brv.12426},
	url = {http://dx.doi.org/10.1111/brv.12426},
	langid = {en}
}

@article{eglington2010,
	title = {Managing water levels on wet grasslands to improve foraging conditions for breeding northern lapwing{\emph{Vanellus vanellus}}},
	author = {Eglington, Sarah M. and Bolton, Mark and Smart, Mark A. and Sutherland, William J. and Watkinson, Andrew R. and Gill, Jennifer A.},
	year = {2010},
	month = {04},
	date = {2010-04},
	journal = {Journal of Applied Ecology},
	pages = {451--458},
	volume = {47},
	number = {2},
	doi = {10.1111/j.1365-2664.2010.01783.x},
	url = {http://dx.doi.org/10.1111/j.1365-2664.2010.01783.x},
	langid = {en}
}

@article{verhulst2011,
	title = {Seasonal distribution of meadow birds in relation to in-field heterogeneity and management},
	author = {Verhulst, Jort and Kleijn, David and Loonen, Willem and Berendse, Frank and Smit, Christian},
	year = {2011},
	month = {08},
	date = {2011-08},
	journal = {Agriculture, Ecosystems & Environment},
	pages = {161--166},
	volume = {142},
	number = {3-4},
	doi = {10.1016/j.agee.2011.04.016},
	url = {http://dx.doi.org/10.1016/j.agee.2011.04.016},
	langid = {en}
}

@article{malpas2013,
	title = {The use of predator-exclusion fencing as a management tool improves the breeding success of waders on lowland wet grassland},
	author = {Malpas, Lucy R. and Kennerley, Rosalind J. and Hirons, Graham J.M. and Sheldon, Rob D. and Ausden, Malcolm and Gilbert, Joanne C. and Smart, Jennifer},
	year = {2013},
	month = {02},
	date = {2013-02},
	journal = {Journal for Nature Conservation},
	pages = {37--47},
	volume = {21},
	number = {1},
	doi = {10.1016/j.jnc.2012.09.002},
	url = {http://dx.doi.org/10.1016/j.jnc.2012.09.002},
	langid = {en}
}

@article{franks2018,
	title = {Evaluating the effectiveness of conservation measures for European grassland{-}breeding waders},
	author = {Franks, Samantha E. and Roodbergen, Maja and Teunissen, Wolf and Carrington Cotton, Anne and {Pearce{-}Higgins}, James W.},
	year = {2018},
	month = {10},
	date = {2018-10-09},
	journal = {Ecology and Evolution},
	pages = {10555--10568},
	volume = {8},
	number = {21},
	doi = {10.1002/ece3.4532},
	url = {http://dx.doi.org/10.1002/ece3.4532},
	langid = {en}
}

@article{wilson2005,
	title = {Changes in the numbers of breeding waders on lowland wet grasslands in England and Wales between 1982 and 2002},
	author = {Wilson, Andrew M. and Vickery, Juliet A. and Brown, Andrew and Langston, Rowena H.W. and Smallshire, David and Wotton, Simon and Vanhinsbergh, Des},
	year = {2005},
	month = {03},
	date = {2005-03},
	journal = {Bird Study},
	pages = {55--69},
	volume = {52},
	number = {1},
	doi = {10.1080/00063650509461374},
	url = {http://dx.doi.org/10.1080/00063650509461374},
	langid = {en}
}
